%% This BibTeX bibliography file was created using BibDesk.
%% http://bibdesk.sourceforge.net/


%% Created for James Murphy at 2015-10-01 14:48:56 -0400 

@article{kingma2014auto,
  title={Auto-Encoding Variational Bayes},
  author={Kingma, Diederik P and Welling, Max},
  journal={stat},
  volume={1050},
  pages={1},
  year={2014}
}

@article{tuia2011survey,
  title={A survey of active learning algorithms for supervised remote sensing image classification},
  author={Tuia, D. and M. Volpi and L. Copa and M. Kanevski and J. Munoz-Mari},
  journal={{IEEE} J. Sel. Topics Signal Process.},
  volume={5},
  number={3},
  pages={606--617},
  year={2011},
  publisher={IEEE}
}




@article{tuia2009active,
  title={Active learning methods for remote sensing image classification},
  author={Tuia, D. and F. Ratle and F. Pacifici and M.F. Kanevski and W.J. Emery},
  journal={{IEEE} Trans. Geosci. Remote Sens.},
  volume={47},
  number={7},
  pages={2218--2232},
  year={2009},
  publisher={IEEE}
}


@article{mackay1992information,
  title={Information-based objective functions for active data selection},
  author={MacKay, D.},
  journal={Neural Computation},
  volume={4},
  number={4},
  pages={590--604},
  year={1992},
  publisher={MIT Press}
}




@inproceedings{cohn1995active,
  title={Active learning with statistical models},
  author={Cohn, D.A. and Z. Ghahramani and M.I. Jordan},
  booktitle={NIPS},
  pages={705--712},
  year={1995}
}




@inproceedings{murphy2018iterative,
  title={Iterative active learning with diffusion geometry for hyperspectral images},
  author={Murphy, J.M. and M. Maggioni},
  booktitle={WHISPERS},
  pages={1--5},
  year={2018},
}


@article{wang2017novel,
  title={A novel semisupervised active-learning algorithm for hyperspectral image classification},
  author={Wang, Z. and B. Du and L. Zhang and L. Zhang and X. Jia},
  journal={{IEEE} Geosci. Remote Sens. Lett.},
  volume={55},
  number={6},
  pages={3071--3083},
  year={2017},
  publisher={IEEE}
}



@article{liu2016active,
  title={Active deep learning for classification of hyperspectral images},
  author={Liu, P. and H. Zhang and K.B. Eom},
  journal={{IEEE} J. Sel. Topics Appl. Earth Observ. Remote Sens.},
  volume={10},
  number={2},
  pages={712--724},
  year={2016},
  publisher={IEEE}
}



@article{zhang20191d,
  title={1D-Convolutional Capsule Network for Hyperspectral Image Classification},
  author={Zhang, H. and L. Meng and X. Wei and X. Tang and X. Tang and X. Wang and B. Jin and W. Yao},
  journal={arXiv preprint arXiv:1903.09834},
  year={2019}
}


@article{paoletti2019deep,
  title={Deep learning classifiers for hyperspectral imaging: A review},
  author={Paoletti, M.E. and J..M. Haut and J. Plaza and A. Plaza},
  journal={ISPRS Journal of Photogrammetry and Remote Sensing},
  volume={158},
  pages={279--317},
  year={2019},
  publisher={Elsevier}
}


@inproceedings{he2017multi,
  title={Multi-scale 3D deep convolutional neural network for hyperspectral image classification},
  author={He, M. and B. Li and H. Chen},
  booktitle={ICIP},
  pages={3904--3908},
  year={2017},
  organization={IEEE}
}


@article{li2017spectral,
  title={Spectral--spatial classification of hyperspectral imagery with 3D convolutional neural network},
  author={Li, Y. and H. Zhang and Q. Shen},
  journal={Remote Sens.},
  volume={9},
  number={1},
  pages={67},
  year={2017},
  publisher={Multidisciplinary Digital Publishing Institute}
}



@article{chen2014deep,
  title={Deep learning-based classification of hyperspectral data},
  author={Chen, Y. and Z. Lin and X. Zhao and G. Wang and Y. Gu},
  journal={{IEEE} J. Sel. Topics Appl. Earth Observ. Remote Sens.},
  volume={7},
  number={6},
  pages={2094--2107},
  year={2014},
  publisher={IEEE}
}

@article{chen2016deep,
  title={Deep feature extraction and classification of hyperspectral images based on convolutional neural networks},
  author={Chen, Y. and H. Jiang and C. Li and X. Jia and P. Ghamisi},
  journal={{IEEE} Trans. Geosci. Remote Sens.},
  volume={54},
  number={10},
  pages={6232--6251},
  year={2016},
  publisher={IEEE}
}



@article{Maggioni2019_LAND,
  title={Learning by active nonlinear diffusion},
  author={Maggioni, M. and J.M. Murphy},
  journal={Foundations of Data Science},
  volume={1},
  number={3},
  pages={271},
  year={2019},
}

@article{Zhu2017_Deep,
  title={Deep learning in remote sensing: A comprehensive review and list of resources},
  author={Zhu, X.X. and D. Tuia and L. Mou and G.-S. Xia and L. Zhang and F. Xu and F. Fraundorfer},
  journal={IEEE Geoscience and Remote Sensing Magazine},
  volume={5},
  number={4},
  pages={8--36},
  year={2017},
  publisher={IEEE}
}

@article{yang2018geodesic,
  title={Geodesic clustering in deep generative models},
  author={Yang, T. and G. Arvanitidis and D. Fu and X. Li and S. Hauberg},
  journal={arXiv preprint arXiv:1809.04747},
  year={2018}
}

@inproceedings{tian2014learning,
  title={Learning deep representations for graph clustering},
  author={Tian, F. and B. Gao and Q. Cui and E. Chen and T.-Y. Liu},
  booktitle={AAAI},
  year={2014}
}

@inproceedings{song2013auto,
  title={Auto-encoder based data clustering},
  author={Song, C. and F. Liu and Y. Huang and L. Wang and T. Tan},
  booktitle={Iberoamerican Congress on Pattern Recognition},
  pages={117--124},
  year={2013},
  organization={Springer}
}

@inproceedings{jiang2017variational,
  title={Variational deep embedding: an unsupervised and generative approach to clustering},
  author={Jiang, Z. and Y. Zheng and H. Tan and B. Tang and H. Zhou},
  booktitle={IJCAI},
  pages={1965--1972},
  year={2017}
}

@inproceedings{xie2016unsupervised,
  title={Unsupervised deep embedding for clustering analysis},
  author={Xie, J. and R. Girshick and A. Farhadi},
  booktitle={ICML},
  pages={478--487},
  year={2016}
}

@inproceedings{ehsan2017infinite,
  title={Infinite variational autoencoder for semi-supervised learning},
  author={Abbasnejad, M.E. and A. Dick and A. van den Hengel},
  booktitle={CVPR},
  pages={5888--5897},
  year={2017}
}

@article{pourkamali2019effectiveness,
  title={The Effectiveness of Variational Autoencoders for Active Learning},
  author={Pourkamali-Anaraki, F. and M.B. Wakin},
  journal={arXiv preprint arXiv:1911.07716},
  year={2019}
}
@article{makhzani2015adversarial,
  title={Adversarial autoencoders},
  author={Makhzani, A. and J. Shlens and N. Jaitly and I. Goodfellow and B. Frey},
  journal={arXiv preprint arXiv:1511.05644},
  year={2015}
}


@article{Murphy2020_Spectral,
  title={Spectral-spatial diffusion geometry for hyperspectral image clustering},
  author={Murphy, J.M. and M. Maggioni},
  journal={IEEE Geoscience and Remote Sensing Letters},
  year={2020},
  volume={17},
  number={7},
  pages={1243-1247},
}

@inproceedings{Murphy2018_Diffusion,
  title={Diffusion geometric methods for fusion of remotely sensed data},
  author={Murphy, J.M and M. Maggioni},
  booktitle={Algorithms and Technologies for Multispectral, Hyperspectral, and Ultraspectral Imagery XXIV},
  volume={10644},
  pages={106440I},
  year={2018},
  organization={International Society for Optics and Photonics}
}

@book{Eismann2012,
  title={Hyperspectral remote sensing},
  author={Eismann, M.T.},
  year={2012},
  publisher={SPIE}
}

@article{Rodriguez2014,
  title={Clustering by fast search and find of density peaks},
  author={A. Rodriguez and A. Laio},
  journal={Science},
  volume={344},
  number={6191},
  pages={1492--1496},
  year={2014},
  publisher={American Association for the Advancement of Science}
}

@article{Coifman2005,
  title={Geometric diffusions as a tool for harmonic analysis and structure definition of data: Diffusion maps},
  author={Coifman, R.R. and S. Lafon and A.B. Lee and M. Maggioni and B. Nadler and F. Warner and S.W. Zucker},
  journal={Proc. Natl. Acad. Sci. U.S.A},
  volume={102},
  number={21},
  pages={7426--7431},
  year={2005},
  publisher={National Acad Sciences}
}

@article{Coifman2006,
  title={Diffusion maps},
  author={Coifman, R.R. and S. Lafon},
  journal={Appl. Comput. Harmon. Anal.},
  volume={21},
  number={1},
  pages={5--30},
  year={2006},
  publisher={Elsevier}
}


@book{Friedman2001,
  title={The Elements of Statistical Learning},
  author={Friedman, J. and T. Hastie and R. Tibshirani},
  volume={1},
  year={2001},
  publisher={Springer series in statistics Springer, Berlin}
}


@article{Czaja2016,
  title={Fusion of aerial gamma-ray survey and remote sensing data for a deeper understanding of radionuclide fate after radiological incidents: examples from the Fukushima Dai-Ichi response},
  author={Czaja, W. and B. Manning and L. McLean and J.M. Murphy},
  journal={Journal of Radioanalytical and Nuclear Chemistry},
  volume={307},
  number={3},
  pages={2397--2401},
  year={2016},
  publisher={Springer}
}

@book{Murphy2012_Machine,
  title={Machine learning: a probabilistic perspective},
  author={Murphy, K.P.},
  year={2012},
  publisher={MIT press}
}

@article{Murphy2019_Unsupervised,
  title={Unsupervised clustering and active learning of hyperspectral images with nonlinear diffusion},
  author={Murphy, J.M. and M. Maggioni},
  journal={{IEEE} Trans. Geosci. Remote Sens.},
  volume={57},
  number={3},
  pages={1829--1845},
  year={2019},
}

@article{Maggioni2019_LUND,
  title={Learning by Unsupervised Nonlinear Diffusion},
  author={Maggioni, M. and J.M. Murphy},
  journal={Journal of Machine Learning Research},
  volume={20},
  number={160},
  pages={1--56},
  year={2019}
}

